\usepackage(url)

@article{bergstrom,
  title={Molecular descriptors influencing melting point and their role in classification of solid drugs},
  author={Bergstr{\"o}m, Christel AS and Norinder, Ulf and Luthman, Kristina and Artursson, Per},
  journal={Journal of chemical information and computer sciences},
  volume={43},
  number={4},
  pages={1177--1185},
  year={2003},
  publisher={ACS Publications}
}

@article{sciencing,
  year={2018},
  month={Apr},
  title={What Factors Affect Melting Point?},
  author={Gillespie, Claire},
  journal={SCIENCING},
  note={\\\url{https://sciencing.com/factors-affect-melting-point-8690403.html}\\\url{}}
}

@article{msu-edu,
year={2013},
month={May},
title={Boiling & Melting Points - MSU Chemistry},
author={Reusch, William},
note={\\\url{https://www2.chemistry.msu.edu/faculty/reusch/VirtTxtJml/physprop.htm}}
}

@inproceedings{zhang2015character,
  title={Character-level convolutional networks for text classification},
  author={Zhang, Xiang and Zhao, Junbo and LeCun, Yann},
  booktitle={Advances in neural information processing systems},
  pages={649--657},
  year={2015}
}
@article{martin2019polar,
  title={Polar curved polycyclic aromatic hydrocarbons in soot formation},
  author={Martin, Jacob W and Bowal, Kimberly and Menon, Angiras and Slavchov, Radomir I and Akroyd, Jethro and Mosbach, Sebastian and Kraft, Markus},
  journal={Proceedings of the Combustion Institute},
  volume={37},
  number={1},
  pages={1117--1123},
  year={2019},
  publisher={Elsevier}
}

@article{ring,
  title={An Introduction to Alkanes and Cycloalkanes},
  journal={Chemguide UK},
  author={Clark, Jim},
  year={2015},
  month={Jul}
  note={\\\url{https://www.chemguide.co.uk/organicprops/}\\\url{alkanes/background.html}}
}


