
@article{bergstrom2003molecular,
  title={Molecular descriptors influencing melting point and their role in classification of solid drugs},
  author={Bergstr{\"o}m, Christel AS and Norinder, Ulf and Luthman, Kristina and Artursson, Per},
  journal={Journal of chemical information and computer sciences},
  volume={43},
  number={4},
  pages={1177--1185},
  year={2003},
  publisher={ACS Publications}
}
